@misc{Delaunay,
  title = {Delaunay Triangulation and Voronoi Diagram using OpenCV ( C++ / Python )},
  howpublished = {\url{https://www.learnopencv.com/delaunay-triangulation-and-voronoi-diagram-using-opencv-c-python/}},
}

@misc{zhihu2d,
  title = {2D 比 3D 需要更多的资金和人力吗？},
  howpublished = {\url{https://www.zhihu.com/question/34491483/answer/58896501}},
}

@misc{swapface,
  title = {Face Swap using OpenCV ( C++ / Python )},
  howpublished = {\url{https://www.learnopencv.com/face-swap-using-opencv-c-python/}},
}



@inproceedings{viola2001rapid,
  title={Rapid object detection using a boosted cascade of simple features},
  author={Viola, Paul and Jones, Michael},
  booktitle={Computer Vision and Pattern Recognition, 2001. CVPR 2001. Proceedings of the 2001 IEEE Computer Society Conference on},
  volume={1},
  pages={I--I},
  year={2001},
  organization={IEEE}
}

@inproceedings{yingzhen2018disentangled,
  title={Disentangled sequential autoencoder},
  author={Yingzhen, Li and Mandt, Stephan},
  booktitle={International Conference on Machine Learning},
  pages={5656--5665},
  year={2018}
}

@inproceedings{horsley2017building,
  title={Building an automatic sprite generator with deep convolutional generative adversarial networks},
  author={Horsley, Lewis and Perez-Liebana, Diego},
  booktitle={Computational Intelligence and Games (CIG), 2017 IEEE Conference on},
  pages={134--141},
  year={2017},
  organization={IEEE}
}

@article{perez2003poisson,
  title={Poisson image editing},
  author={P{\'e}rez, Patrick and Gangnet, Michel and Blake, Andrew},
  journal={ACM Transactions on graphics (TOG)},
  volume={22},
  number={3},
  pages={313--318},
  year={2003},
  publisher={ACM}
}

@article{delaunay1934sphere,
  title={Sur la sphere vide},
  author={Delaunay, Boris and others},
  journal={Izv. Akad. Nauk SSSR, Otdelenie Matematicheskii i Estestvennyka Nauk},
  volume={7},
  number={793-800},
  pages={1--2},
  year={1934}
}

@article{zhu2017unpaired,
  title={Unpaired image-to-image translation using cycle-consistent adversarial networks},
  author={Zhu, Jun-Yan and Park, Taesung and Isola, Phillip and Efros, Alexei A},
  journal={arXiv preprint},
  year={2017}
}

@inproceedings{he2016deep,
  title={Deep residual learning for image recognition},
  author={He, Kaiming and Zhang, Xiangyu and Ren, Shaoqing and Sun, Jian},
  booktitle={Proceedings of the IEEE conference on computer vision and pattern recognition},
  pages={770--778},
  year={2016}
}

@article{radford2015unsupervised,
  title={Unsupervised representation learning with deep convolutional generative adversarial networks},
  author={Radford, Alec and Metz, Luke and Chintala, Soumith},
  journal={arXiv preprint arXiv:1511.06434},
  year={2015}
}

@article{ioffe2015batch,
  title={Batch normalization: Accelerating deep network training by reducing internal covariate shift},
  author={Ioffe, Sergey and Szegedy, Christian},
  journal={arXiv preprint arXiv:1502.03167},
  year={2015}
}

@article{vedaldi2016instance,
  title={Instance Normalization: The Missing Ingredient for Fast Stylization},
  author={Vedaldi, Victor Lempitsky Dmitry Ulyanov Andrea},
  journal={arXiv preprint arXiv:1607.08022},
  year={2016}
}